@book{stauffer1994introduction,
  title={Introduction to percolation theory},
  author={Stauffer, Dietrich and Aharony, Amnon},
  year={1994},
  publisher={CRC press},
  edition={2nd}
}

@book{grimmett1999percolation,
  title={Percolation},
  author={Grimmett, Geoffrey},
  volume={321},
  year={1999},
  publisher={Springer Science \& Business Media},
  series={Grundlehren der mathematischen Wissenschaften}
}

@article{kesten1980critical,
  title={The critical probability of bond percolation on the square lattice equals 1/2},
  author={Kesten, Harry},
  journal={Communications in Mathematical Physics},
  volume={74},
  number={1},
  pages={41--59},
  year={1980},
  publisher={Springer}
}

@article{hoshen1976percolation,
  title={Percolation and cluster distribution. I. Cluster multiple labeling technique and critical concentration algorithm},
  author={Hoshen, Joseph and Kopelman, Raoul},
  journal={Physical Review B},
  volume={14},
  number={8},
  pages={3438--3445},
  year={1976},
  publisher={American Physical Society}
}

@article{cardy1992scaling,
  title={Scaling and renormalization in statistical physics},
  author={Cardy, John},
  journal={Cambridge University Press},
  year={1992}
}

@article{newman2001fast,
  title={Fast algorithm for detecting community structure in networks},
  author={Newman, Mark EJ},
  journal={Physical Review E},
  volume={69},
  number={6},
  pages={066133},
  year={2004},
  publisher={American Physical Society}
}

@book{sahimi1994applications,
  title={Applications of percolation theory},
  author={Sahimi, Muhammad},
  year={1994},
  publisher={CRC Press}
}

@article{ziff2006spanning,
  title={Spanning probability in 2D percolation},
  author={Ziff, Robert M},
  journal={Physical Review Letters},
  volume={69},
  number={18},
  pages={2670--2673},
  year={1992},
  publisher={American Physical Society}
}

@phdthesis{CantabranaBarrio2018,
  author = {Cantabrana Barrio, A.},
  title = {Estudio de la percolación en redes complejas mediante simulaciones de Monte Carlo},
  school = {Universidad del País Vasco/Euskal Herriko Unibertsitatea},
  year = {2018},
  type = {TFG},
  url = {https://addi.ehu.es/bitstream/handle/10810/38521/TFG_Cantabrana_Barrio_Aian.pdf?sequence=1}
}

@misc{OntosightAINd,
  author = {{Hoshen-Kopelman Algorithm Overview}},
  title = {Hoshen-Kopelman Algorithm Overview},
  howpublished = {\url{https://ontosight.ai/glossary/term/hoshen-kopelman-algorithm-overview--67a179026c3593987a57a236}},
  note = {Recuperado de \url{https://ontosight.ai/glossary/term/hoshen-kopelman-algorithm-overview--67a179026c3593987a57a236}},
  organization = {Ontosight AI},
  year = {n.d.}
}

@misc{PERCentralPercolation,
  author = {{PER-Central}},
  title = {Percolation},
  howpublished = {\url{https://www.per-central.org/wiki/File%3A2155}},
  note = {Recuperado de \url{https://www.per-central.org/wiki/File%3A2155}},
  year = {n.d.}
}